@book{mckinney2010,
  author    = {Wes McKinney},
  title     = {Python for Data Analysis},
  publisher = {O'Reilly Media},
  year      = {2010},
  isbn      = {978-1-4493-5939-9}
}

@online{python_docs,
  author  = {{Python Software Foundation}},
  title   = {Python Documentation},
  year    = {2024},
  url     = {https://docs.python.org/3/},
  urldate = {2025-08-14}
}
